<?xml version="1.0" encoding="UTF-8" ?>
<record Numero="14834075" format="InterXMarc_Complet" type="Authority">
<leader>00396c1 au22000272  45  <Pos Code="0004">00396</Pos>
<Pos Code="05" Sens="notice modifiée">c</Pos>
<Pos Code="06" Sens="notice validée en catalogage courant">1</Pos>
<Pos Code="08" Sens="notice d&apos;autorité">a</Pos>
<Pos Code="09" Sens="titre uniforme musical (TUM)">u</Pos>
<Pos Code="10">2</Pos>
<Pos Code="11">2</Pos>
<Pos Code="1216">00027</Pos>
<Pos Code="17" Sens="autres cas">2</Pos>
<Pos Code="20">4</Pos>
<Pos Code="21">5</Pos>
</leader>
<controlfield tag="001">FRBNF148340750<Pos Code="0001">FR</Pos>
<Pos Code="0204">BNF</Pos>
<Pos Code="0512">14834075</Pos>
<Pos Code="13">0</Pos>
</controlfield>
<controlfield tag="008">030725030725yy    mu        1905                             1   <Pos Code="0001">03</Pos>
<Pos Code="0203">07</Pos>
<Pos Code="0405">25</Pos>
<Pos Code="0607">03</Pos>
<Pos Code="0809">07</Pos>
<Pos Code="1011">25</Pos>
<Pos Code="1213" Sens="ne s&apos;applique pas">yy</Pos>
<Pos Code="1820">mu </Pos>
<Pos Code="2831">1905</Pos>
<Pos Code="61" Sens="La vedette peut être liée à une notice bibliographique sauf pour l&apos;accès matière RAMEAU">1</Pos>
</controlfield>
<datafield tag="048" ind1=" " ind2=" ">
	<subfield code="a">ka01<Pos Code="0001" Sens="clavier - piano">ka</Pos>
<Pos Code="02">0</Pos>
<Pos Code="03">1</Pos>
</subfield>
</datafield>
<datafield tag="100" ind1=" " ind2=" ">
	<subfield code="3">13895569</subfield>
	<subfield code="w">.0..b.....</subfield>
	<subfield code="a">Janáček</subfield>
	<subfield code="m">Leoš</subfield>
	<subfield code="d">1854-1928</subfield>
</datafield>
<datafield tag="144" ind1="1" ind2=" ">
	<subfield code="w">....b.....</subfield>
	<subfield code="a">1. X. 1905</subfield>
	<subfield code="b">Piano</subfield>
</datafield>
<datafield tag="600" ind1=" " ind2=" ">
	<subfield code="a">Réunit : &quot;Predtucha&quot; ; &quot;Smrt&quot;</subfield>
	<subfield code="a">Date de composition : 1905-1906</subfield>
</datafield>
<datafield tag="610" ind1=" " ind2=" ">
	<subfield code="a">1. X. 1905 / L. Janacek. - Praha : Hudebni matice, 1949</subfield>
	<subfield code="a">Grove 7</subfield>
</datafield>
<datafield tag="917" ind1=" " ind2=" ">
	<subfield code="o">OPD</subfield>
	<subfield code="a">100618150</subfield>
	<subfield code="b">ATUM</subfield>
</datafield>
<Alter Ori="13895569">
<datafield tag="400" ind1=" " ind2=" ">
	<subfield code="w">....b.....</subfield>
	<subfield code="a">Janáček</subfield>
	<subfield code="m">Leo Eugen</subfield>
	<subfield code="d">1854-1928</subfield>
</datafield>
</Alter>
<Attr Nom="IDPerenne">ark:/12148/cb14834075k</Attr>
<Attr Nom="NumSource">OPD 100618150</Attr>
<Attr Nom="Source" Sens="BnF catalogue général (depuis 1999)">A</Attr>
<Attr Nom="NumAutoriteLiee">13895569</Attr>
<Attr Nom="DateCreation">25/07/ 2003</Attr>
<Attr Nom="ResponsableCreation">MIGV3</Attr>
<Attr Nom="StructCreation">1</Attr>
<Attr Nom="DateDerniereValidation">09/11/ 2010</Attr>
<Attr Nom="ResponsableDerniereValidation">MIGV4</Attr>
<Attr Nom="StructPremiereValidation">1</Attr>
<Attr Nom="DatePremiereValidation">25/07/ 2003</Attr>
<Attr Nom="ResponsablePremiereValidation">MIGV3</Attr>
<Attr Nom="StructDerniereValidation">1</Attr>
<Attr Nom="NumSource">OPP 14783470</Attr>
</record>
